@DocuShare{LDM-672,
  author = {L. Guy and G. Comoretto and W. O'Mullane and K.-T. Lim and M. Butler and M. Gelman},
   title = "{LSST Software Release Management Policy}",
    year = 2019,
   month = apr,
  handle = {LDM-672},
}

@DocuShare{DMTN-110,
  author = {Gabriele Comoretto},
   title = "{Conda Environment Proposal for Science Pipelines}",
    year = 2019,
   month = apr,
  handle = {DMTN-110},
}

